
    <record>
        <leader>01031cam a2200301 a 4500</leader>
        <controlfield tag="001">3239725</controlfield>
        <controlfield tag="005">20130506155710.0</controlfield>
        <controlfield tag="008">000524s2000 gw 001 0 ger d</controlfield>
        <datafield ind1=" " ind2=" " tag="020">
            <subfield code="a">3886120910</subfield>
        </datafield>
        <datafield ind1=" " ind2=" " tag="035">
            <subfield code="a">(OCoLC)50503465</subfield>
        </datafield>
        <datafield ind1=" " ind2=" " tag="035">
            <subfield code="a">(NBISU)notisAFX9455</subfield>
        </datafield>
        <datafield ind1=" " ind2=" " tag="035">
            <subfield code="a">(CStRLIN)MIUGATB1843-B</subfield>
        </datafield>
        <datafield ind1=" " ind2=" " tag="035">
            <subfield code="a">(CStRLIN)NYBGAFX9455-B</subfield>
        </datafield>
        <datafield ind1=" " ind2=" " tag="040">
            <subfield code="a">EYM</subfield>
            <subfield code="c">EYM</subfield>
            <subfield code="d">NjP</subfield>
        </datafield>
        <datafield ind1=" " ind2=" " tag="043">
            <subfield code="a">e-gx---</subfield>
        </datafield>
        <datafield ind1="1" ind2=" " tag="100">
            <subfield code="a">Behaim, Albert,</subfield>
            <subfield code="d">-1260.</subfield>
        </datafield>
        <datafield ind1="1" ind2="4" tag="245">
            <subfield code="a">Das Brief- und Memorialbuch des Albert Behaim /</subfield>
            <subfield code="c">herausgegeben von Thomas Frenz und Peter Herde.</subfield>
        </datafield>
        <datafield ind1=" " ind2=" " tag="260">
            <subfield code="a">München :</subfield>
            <subfield code="b">Monumenta Germaniae Historica,</subfield>
            <subfield code="c">2000.</subfield>
        </datafield>
        <datafield ind1=" " ind2=" " tag="300">
            <subfield code="a">xvi, 655 p. :</subfield>
            <subfield code="b">maps ;</subfield>
            <subfield code="c">28 cm.</subfield>
        </datafield>
        <datafield ind1=" " ind2="0" tag="440">
            <subfield code="a">Monumenta Germaniae historica.</subfield>
            <subfield code="p">Briefe des späteren Mittelalters ;</subfield>
            <subfield code="v">1</subfield>
        </datafield>
        <datafield ind1=" " ind2=" " tag="504">
            <subfield code="a">Includes bibliographical references and index.</subfield>
        </datafield>
        <datafield ind1="1" ind2="0" tag="600">
            <subfield code="a">Behaim, Albert,</subfield>
            <subfield code="d">-1260.</subfield>
        </datafield>
        <datafield ind1=" " ind2="0" tag="651">
            <subfield code="a">Germany</subfield>
            <subfield code="x">History</subfield>
            <subfield code="y">843-1273</subfield>
            <subfield code="x">Sources.</subfield>
        </datafield>
        <datafield ind1="1" ind2=" " tag="700">
            <subfield code="a">Frenz, Thomas.</subfield>
        </datafield>
        <datafield ind1="1" ind2=" " tag="700">
            <subfield code="a">Herde, Peter.</subfield>
        </datafield>
        <datafield ind1=" " ind2=" " tag="998">
            <subfield code="s">9115</subfield>
        </datafield>
        <datafield ind1=" " ind2=" " tag="902">
            <subfield code="a">rph</subfield>
            <subfield code="c">b</subfield>
            <subfield code="d">v</subfield>
            <subfield code="f">1</subfield>
            <subfield code="s">m</subfield>
            <subfield code="b">m</subfield>
            <subfield code="e">20001013</subfield>
        </datafield>
        <datafield ind1=" " ind2=" " tag="904">
            <subfield code="a">rph</subfield>
            <subfield code="b">a</subfield>
            <subfield code="h">m</subfield>
            <subfield code="c">b</subfield>
            <subfield code="e">20001013</subfield>
        </datafield>
        <datafield ind1=" " ind2="0" tag="866">
            <subfield code="0">6224133</subfield>
            <subfield code="x">RECAP TEST BW</subfield>
        </datafield>
        <datafield ind1=" " ind2=" " tag="959">
            <subfield code="a">2010-09-02 11:45:13 -0400</subfield>
        </datafield>
        <datafield ind1="0" ind2=" " tag="852">
            <subfield code="0">6224133</subfield>
            <subfield code="b">rcppa</subfield>
            <subfield code="h">DD3.M8 B74 Bd.1-2</subfield>
        </datafield>
        <datafield ind1="0" ind2="0" tag="876">
            <subfield code="0">6224133</subfield>
            <subfield code="a">5847716</subfield>
            <subfield code="h"/>
            <subfield code="j">Not Charged</subfield>
            <subfield code="p">32101075852200</subfield>
            <subfield code="t">1</subfield>
            <subfield code="x">Shared</subfield>
            <subfield code="z">PA</subfield>
        </datafield>
    </record>
</collection>